@book{niosHandbook,
    author  = "Altera",
    publisher = "Altera",
    title   = "Nios II Classic Software Developer's Handbook",
    url     = "https://www.altera.com/en_US/pdfs/literature/hb/nios2/n2sw_nii5v2.pdf",
    note    = {Acessado em 01/10/2016},
    year    = 2015
}

@unpublished{eaglemanNewSensesHumans,
    author  = "David Eagleman",
    title   = "Can we create new senses for humans?",
    url     = "http://www.ted.com/talks/david_eagleman_can_we_create_new_senses_for_humans/transcript",
    note    = {Acessado em 29/11/2016},
    year    = 2015
}

@misc{downloadCenter,
    author  = "Intel FPGA",
    title   = "Download Center",
    url     = "https://www.altera.com/downloads/download-center.html",
    note    = {Acessado em 18/08/2016}
}